@inproceedings{kolmogorov01,
  title={Computing visual correspondence with occlusions using graph cuts},
  author={Kolmogorov, Vladimir and Zabih, Ramin},
  booktitle={Computer Vision, 2001. ICCV 2001. Proceedings. Eighth IEEE International Conference on},
  volume={2},
  pages={508--515},
  year={2001},
  organization={IEEE}
}


@article{zhang09,
  title={Cross-based local stereo matching using orthogonal integral images},
  author={Zhang, Ke and Lu, Jiangbo and Lafruit, Gauthier},
  journal={IEEE Transactions on Circuits and Systems for Video Technology},
  volume={19},
  number={7},
  pages={1073--1079},
  year={2009},
  publisher={IEEE}
}

@article{zbontar16,
  title={Stereo matching by training a convolutional neural network to compare image patches},
  author={Zbontar, Jure and LeCun, Yann},
  journal={Journal of Machine Learning Research},
  volume={17},
  number={1-32},
  pages={2},
  year={2016}
}

@inproceedings{seki16,
  title={Patch based confidence prediction for dense disparity map},
  author={Seki, Akihito and Pollefeys, Marc},
  booktitle={British Machine Vision Conference (BMVC)},
  volume={10},
  year={2016}
}

@inproceedings{park15,
  title={Leveraging stereo matching with learning-based confidence measures},
  author={Park, Min-Gyu and Yoon, Kuk-Jin},
  booktitle={Proceedings of the IEEE Conference on Computer Vision and Pattern Recognition},
  pages={101--109},
  year={2015}
}

@article{scharstein02,
  title={A taxonomy and evaluation of dense two-frame stereo correspondence algorithms},
  author={Scharstein, Daniel and Szeliski, Richard},
  journal={International journal of computer vision},
  volume={47},
  number={1-3},
  pages={7--42},
  year={2002},
  publisher={Springer}
}

@article{hirschmuller08,
  title={Stereo processing by semiglobal matching and mutual information},
  author={Hirschmuller, Heiko},
  journal={IEEE Transactions on pattern analysis and machine intelligence},
  volume={30},
  number={2},
  pages={328--341},
  year={2008},
  publisher={IEEE}
}

@article{geiger13,
  title={Vision meets robotics: The KITTI dataset},
  author={Geiger, Andreas and Lenz, Philip and Stiller, Christoph and Urtasun, Raquel},
  journal={The International Journal of Robotics Research},
  volume={32},
  number={11},
  pages={1231--1237},
  year={2013},
  publisher={Sage Publications Sage UK: London, England}
}

@INPROCEEDINGS{menze15,
  author = {Moritz Menze and Andreas Geiger},
  title = {Object Scene Flow for Autonomous Vehicles},
  booktitle = {Conference on Computer Vision and Pattern Recognition (CVPR)},
  year = {2015}
}

@inproceedings{ranftl12,
  title={Pushing the limits of stereo using variational stereo estimation},
  author={Ranftl, Rene and Gehrig, Stefan and Pock, Thomas and Bischof, Horst},
  booktitle={Intelligent Vehicles Symposium (IV), 2012 IEEE},
  pages={401--407},
  year={2012},
  organization={IEEE}
}
@article{hu12,
  title={A quantitative evaluation of confidence measures for stereo vision},
  author={Hu, Xiaoyan and Mordohai, Philippos},
  journal={IEEE Transactions on Pattern Analysis and Machine Intelligence},
  volume={34},
  number={11},
  pages={2121--2133},
  year={2012},
  publisher={IEEE}
}

@inproceedings{zabih94,
  title={Non-parametric local transforms for computing visual correspondence},
  author={Zabih, Ramin and Woodfill, John},
  booktitle={European conference on computer vision},
  pages={151--158},
  year={1994},
  organization={Springer}
}

@inproceedings{mei11,
  title={On building an accurate stereo matching system on graphics hardware},
  author={Mei, Xing and Sun, Xun and Zhou, Mingcai and Jiao, Shaohui and Wang, Haitao and Zhang, Xiaopeng},
  booktitle={Computer Vision Workshops (ICCV Workshops), 2011 IEEE International Conference on},
  pages={467--474},
  year={2011},
  organization={IEEE}
}

@inproceedings{haeusler13,
  title={Ensemble learning for confidence measures in stereo vision},
  author={Haeusler, Ralf and Nair, Rahul and Kondermann, Daniel},
  booktitle={Proceedings of the IEEE Conference on Computer Vision and Pattern Recognition},
  pages={305--312},
  year={2013}
}

@inproceedings{spyropoulos14,
  title={Learning to detect ground control points for improving the accuracy of stereo matching},
  author={Spyropoulos, Aristotle and Komodakis, Nikos and Mordohai, Philippos},
  booktitle={Proceedings of the IEEE Conference on Computer Vision and Pattern Recognition},
  pages={1621--1628},
  year={2014}
}

@inproceedings{merrell07,
  title={Real-time visibility-based fusion of depth maps},
  author={Merrell, Paul and Akbarzadeh, Amir and Wang, Liang and Mordohai, Philippos and Frahm, Jan-Michael and Yang, Ruigang and Nist{\'e}r, David and Pollefeys, Marc},
  booktitle={Computer Vision, 2007. ICCV 2007. IEEE 11th International Conference on},
  pages={1--8},
  year={2007},
  organization={IEEE}
}

